@article{risser2018impact,
  title={Impact of Home Field Advantage: Analyzed Across Three Professional Sports},
  author={Risser, Michael S and Gray, Blake R and Kelly, Ryan A},
  year={2018}
}

@article{jamieson2010home,
  title={The home field advantage in athletics: A meta-analysis},
  author={Jamieson, Jeremy P},
  journal={Journal of Applied Social Psychology},
  volume={40},
  number={7},
  pages={1819--1848},
  year={2010},
  publisher={Wiley Online Library}
}

@article{losak2021baseball,
  title={Baseball Home Field Advantage Without Fans in the Stands.},
  author={Losak, Jeremy M and Sabel, Joseph},
  journal={International Journal of Sport Finance},
  volume={16},
  number={3},
  year={2021}
}
